@Article{mori1965,
author = {Mori, Hazime}, 
title = {Transport, collective motion, and Brownian motion}, 
journal = {Progress of theoretical physics}, 
volume = {33}, 
number = {3}, 
pages = {423--455}, 
year = {1965},}
